@article{wu2018classification,
  title={Classification of cryptocurrency coins and tokens by the dynamics of their market capitalizations},
  author={Wu, Ke and Wheatley, Spencer and Sornette, Didier},
  journal={Royal Society open science},
  volume={5},
  number={9},
  pages={180381},
  year={2018},
  publisher={The Royal Society}
} %main

@article{ciaian2018virtual,
  title={Virtual relationships: Short-and long-run evidence from BitCoin and altcoin markets},
  author={Ciaian, Pavel and Rajcaniova, Miroslava and others},
  journal={Journal of International Financial Markets, Institutions and Money},
  volume={52},
  pages={173--195},
  year={2018},
  publisher={Elsevier}
} %altcoins

@online{coinmarketcup,
    title = "CoinMarketCup",
    url  = "https://coinmarketcap.com",
    addendum = "(accessed: 10.12.2023)",
}

@inproceedings{victor2019measuring,
  title={Measuring ethereum-based erc20 token networks},
  author={Victor, Friedhelm and L{\"u}ders, Bianca Katharina},
  booktitle={Financial Cryptography and Data Security: 23rd International Conference, FC 2019, Frigate Bay, St. Kitts and Nevis, February 18--22, 2019, Revised Selected Papers 23},
  pages={113--129},
  year={2019},
  organization={Springer}
}

@book{mukhopadhyay2018ethereum,
  title={Ethereum Smart Contract Development: Build blockchain-based decentralized applications using solidity},
  author={Mukhopadhyay, Mayukh},
  year={2018},
  publisher={Packt Publishing Ltd}
}

@article{sockin2023model,
  title={A model of cryptocurrencies},
  author={Sockin, Michael and Xiong, Wei},
  journal={Management Science},
  year={2023},
  publisher={INFORMS}
}

@article{howell2020initial,
  title={Initial coin offerings: Financing growth with cryptocurrency token sales},
  author={Howell, Sabrina T and Niessner, Marina and Yermack, David},
  journal={The Review of Financial Studies},
  volume={33},
  number={9},
  pages={3925--3974},
  year={2020},
  publisher={Oxford University Press}
}

@article{dos2021bibliometric,
  title={A Bibliometric Analysis of the Literature on Utility and Security Tokens},
  author={dos Santos, Daiane Rodrigues and de Carvalho Silva, Tuany Esthefany Barcellos and Sanfins, Marco Aur{\'e}lio},
  journal={American Scientific Research Journal for Engineering, Technology, and Sciences (ASRJETS)},
  volume={81},
  number={1},
  pages={1--22},
  year={2021}
}

@misc{finma2018guidelines,
  title={Guidelines for enquiries regarding the regulatory framework for initial coin offerings (ICOs)},
  author={FINMA, Swiss Financial Market Supervisory Authority},
  year={2018},
  publisher={Bern: Eidgen{\"o}ssische Finanzmarktaufsicht FINMA}
}

@article{qin2021cefi,
  title={CeFi vs. DeFi--Comparing Centralized to Decentralized Finance},
  author={Qin, Kaihua and Zhou, Liyi and Afonin, Yaroslav and Lazzaretti, Ludovico and Gervais, Arthur},
  journal={arXiv preprint arXiv:2106.08157},
  year={2021}
}

@article{ante2021influence,
  title={The influence of stablecoin issuances on cryptocurrency markets},
  author={Ante, Lennart and Fiedler, Ingo and Strehle, Elias},
  journal={Finance Research Letters},
  volume={41},
  pages={101867},
  year={2021},
  publisher={Elsevier}
}

@article{wang2021non,
  title={Non-fungible token (NFT): Overview, evaluation, opportunities and challenges},
  author={Wang, Qin and Li, Rujia and Wang, Qi and Chen, Shiping},
  journal={arXiv preprint arXiv:2105.07447},
  year={2021}
}

@article{ante2022non,
  title={The non-fungible token (NFT) market and its relationship with Bitcoin and Ethereum},
  author={Ante, Lennart},
  journal={FinTech},
  volume={1},
  number={3},
  pages={216--224},
  year={2022},
  publisher={MDPI}
}

@online{turcomat,
    title = "turcomat",
    url  = "https://turcomat.org/index.php/turkbilmat/article/view/2027",
    addendum = "(accessed: 10.12.2023)",
}

@article{pardhi2022decentralized,
  title={Decentralized finance \& centralized finance analogy},
  author={Pardhi, Sarika and Mohale, Sakshi and Ganorkar, Nikhil and Jadhao, Aman and Sawarkar, Sonal V},
  journal={2022 IJCSPUB},
  volume={12},
  number={1},
  year={2022}
}

@article{коречков2016экономическая,
  title={Экономическая эффективность использования криптовалюты в российской экономике},
  author={Коречков, Юрий Викторович and Целищев, Павел Борисович},
  journal={Вестник евразийской науки},
  volume={8},
  number={6 (37)},
  pages={14},
  year={2016},
  publisher={Общество с ограниченной ответственностью {\guillemotleft}Издательский центр {\guillemotleft}Науковедение{\guillemotright}}
}
